@Book{xie2015,
  title = {Dynamic Documents with {R} and knitr},
  author = {Yihui Xie},
  publisher = {Chapman and Hall/CRC},
  address = {Boca Raton, Florida},
  year = {2015},
  edition = {2nd},
  note = {ISBN 978-1498716963},
  url = {http://yihui.org/knitr/},
}

@article{
  aiMakingUsePlant2022,
  title={Making Use of Plant uORFs to Control Transgene Translation in Response to Pathogen Attack},
  volume={2022},
  url={https://spj.sciencemag.org/journals/bdr/2022/9820540/},
  DOI={10.34133/2022/9820540},
  journal={BioDesign Research},
  publisher={Science},
  author={Ai, Gan and Liu, Jin and Fu, Xiaowei and Li, Tianli and Zhu, Hai and Zhai, Ying and Xia, Chuyan and Pan, Weiye and Li, Jialu and Jing, Maofeng and et al.},
  year={2022},
month={Feb} }

@article{
  araujoItGetsStarted2012b,
  title={Before It Gets Started: Regulating Translation at the 5′ UTR},
  volume={2012},
  ISSN={2314-436X},
  url={https://doi.org/10.1155/2012/475731},
  DOI={10.1155/2012/475731},
  journal={Comparative and Functional Genomics},
  publisher={Hindawi},
  author={Araujo, Patricia R. and Yoon, Kihoon and Ko, Daijin and Smith, Andrew D. and Qiao, Mei and Suresh, Uthra and Burns, Suzanne C. and Penalva, Luiz O. F.},
  editor={Preiss, Thomas},
  year={2012},
  month={May},
pages={475731} }

@article{
  araujoItGetsStarted2012b,
  title={Before It Gets Started: Regulating Translation at the 5′ UTR},
  volume={2012},
  ISSN={2314-436X},
  url={https://doi.org/10.1155/2012/475731},
  DOI={10.1155/2012/475731},
  journal={Comparative and Functional Genomics},
  publisher={Hindawi},
  author={Araujo, Patricia R. and Yoon, Kihoon and Ko, Daijin and Smith, Andrew D. and Qiao, Mei and Suresh, Uthra and Burns, Suzanne C. and Penalva, Luiz O. F.},
  editor={Preiss, Thomas},
  year={2012},
  month={May},
pages={475731} }

@article{
  andreev2022,
  title={Non-AUG translation initiation in mammals},
  volume={23},
  ISSN={1474-760X},
  url={https://doi.org/10.1186/s13059-022-02674-2},
  DOI={10.1186/s13059-022-02674-2},
  number={1},
  journal={Genome Biology},
  author={Andreev, Dmitry E. and Loughran, Gary and Fedorova, Alla D. and Mikhaylova, Maria S. and Shatsky, Ivan N. and Baranov, Pavel V.},
  year={2022},
  month={May},
pages={111} }
